@article{anttila2008feasible,
  title={A feasible method to assess inaccuracy caused by patchiness in water quality monitoring},
  author={Anttila, Saku and Kairesalo, Timo and Pellikka, Petri},
  journal={Environmental monitoring and assessment},
  volume={142},
  number={1-3},
  pages={11--22},
  year={2008},
  publisher={Springer}
}

@article{buzzelli2014fine,
  title={Fine-scale detection of estuarine water quality with managed freshwater releases},
  author={Buzzelli, Christopher and Boutin, Brian and Ashton, Mayra and Welch, Barbara and Gorman, Patricia and Wan, Yongshan and Doering, Peter},
  journal={Estuaries and Coasts},
  volume={37},
  number={5},
  pages={1134--1144},
  year={2014},
  publisher={Springer}
}

@article{collischonn2000direction,
  title={A direction dependent least-cost-path algorithm for roads and canals},
  author={Collischonn, Walter and Pilar, Jorge Victor},
  journal={International Journal of Geographical Information Science},
  volume={14},
  number={4},
  pages={397--406},
  year={2000},
  publisher={Taylor \& Francis}
}

@article{csardi2006igraph,
  title={The igraph software package for complex network research},
  author={Csardi, Gabor and Nepusz, Tamas},
  journal={InterJournal, Complex Systems},
  volume={1695},
  number={5},
  pages={1--9},
  year={2006}
}

@article{davis2004importance,
  title={Importance of storm events in controlling ecosystem structure and function in a Florida gulf coast estuary},
  author={Davis III, Stephen E and Cable, Jaye E and Childers, Daniel L and Coronado-Molina, Carlos and Day Jr, John W and Hittle, Clinton D and Madden, Christopher J and Reyes, Enrique and Rudnick, David and Sklar, Fred},
  journal={Journal of Coastal Research},
  pages={1198--1208},
  year={2004}
}

@article{fourqurean2003forecasting,
  title={Forecasting responses of seagrass distributions to changing water quality using monitoring data},
  author={Fourqurean, James W and Boyer, Joseph N and Durako, Michael J and Hefty, Lee N and Peterson, Bradley J},
  journal={Ecological Applications},
  volume={13},
  number={2},
  pages={474--489},
  year={2003},
  publisher={Eco Soc America}
}

@article{greenberg2011least,
  title={Least cost distance analysis for spatial interpolation},
  author={Greenberg, Jonathan A and Rueda, Carlos and Hestir, Erin L and Santos, Maria J and Ustin, Susan L},
  journal={Computers \& Geosciences},
  volume={37},
  number={2},
  pages={272--276},
  year={2011},
  publisher={Elsevier}
}

@misc{iociapso,
  title={The international thermodynamic equation of seawater--2010: Calculation and use of thermodynamic properties},
  author={IOC, SCOR},
  publisher={Intergovernmental Oceanographic Commission, Manuals and Guides},
  year={2010}
}

@book{isaaks1989applied,
  title={Applied geostatistics},
  author={Isaaks, Edward H and Srivastava, R Mohan and others},
  volume={2},
  year={1989},
  publisher={Oxford University Press New York}
}

@article{jensen2006landscape,
  title={Landscape-based geostatistics: a case study of the distribution of blue crab in Chesapeake Bay},
  author={Jensen, Olaf P and Christman, Mary C and Miller, Thomas J},
  journal={Environmetrics},
  volume={17},
  number={6},
  pages={605--621},
  year={2006},
  publisher={Wiley Online Library}
}

@article{kelble2007salinity,
  title={Salinity patterns of Florida Bay},
  author={Kelble, Christopher R and Johns, Elizabeth M and Nuttle, William K and Lee, Thomas N and Smith, Ryan H and Ortner, Peter B},
  journal={Estuarine, Coastal and Shelf Science},
  volume={71},
  number={1},
  pages={318--334},
  year={2007},
  publisher={Elsevier}
}

@misc{krivoruchko2004geostatistical,
  title={Geostatistical interpolation and simulation with non-euclidean distances},
  author={Krivoruchko, K and Gribov, A},
  journal={GeoENV IVÂ—Geostatistics for Environmental Applications},
  pages={331--342},
  year={2004},
  publisher={Kluwer Academic}
}

@article{little1997kriging,
  title={Kriging in estuaries: as the crow flies, or as the fish swims?},
  author={Little, Laurie S and Edwards, Don and Porter, Dwayne E},
  journal={Journal of experimental marine biology and ecology},
  volume={213},
  number={1},
  pages={1--11},
  year={1997},
  publisher={Elsevier}
}

@article{loland2003spatial,
  title={Spatial covariance modelling in a complex coastal domain by multidimensional scaling},
  author={L{\o}land, Anders and H{\o}st, Gudmund},
  journal={Environmetrics},
  volume={14},
  number={3},
  pages={307--321},
  year={2003},
  publisher={Wiley Online Library}
}

@article{lopez2009geostatistical,
  title={Geostatistical computing of acoustic maps in the presence of barriers},
  author={L{\'o}pez-Qu{\'\i}lez, Antonio and Mu{\~n}oz, Facundo},
  journal={Mathematical and Computer Modelling},
  volume={50},
  number={5},
  pages={929--938},
  year={2009},
  publisher={Elsevier}
}

@article{madden1992instrument,
 title={An instrument system for high-speed mapping of chlorophyll a and physico-chemical variables in surface waters},
 author={Madden, Christopher J and Day, John W},
 journal={Estuaries},
 volume={15},
 number={3},
 pages={421--427},
 year={1992},
 publisher={Springer}
}

@article{madden2009florida,
  title={Florida Bay SEACOM: Seagrass Ecological Assessment and Community Organization Model},
  author={Madden, Christopher J and McDonald, Amanda A},
  year={2009}
}

@article{marshall2011empirical,
  title={Empirical tools for simulating salinity in the estuaries in Everglades National Park, Florida},
  author={Marshall, FE and Smith, DT and Nickerson, DM},
  journal={Estuarine, Coastal and Shelf Science},
  volume={95},
  number={4},
  pages={377--387},
  year={2011},
  publisher={Elsevier}
}

@article{morse2011environmental,
  title={Environmental and physical controls on the formation and transport of blooms of the dinoflagellate Cochlodinium polykrikoides Margalef in the lower Chesapeake Bay and its tributaries},
  author={Morse, Ryan E and Shen, Jian and Blanco-Garcia, Jose L and Hunley, William S and Fentress, Scott and Wiggins, Mike and Mulholland, Margaret R},
  journal={Estuaries and Coasts},
  volume={34},
  number={5},
  pages={1006--1025},
  year={2011},
  publisher={Springer}
}

@article{nuttle2000influence,
  title={Influence of net freshwater supply on salinity in Florida Bay},
  author={Nuttle, William K and Fourqurean, James W and Cosby, Bernard J and Zieman, Joseph C and Robblee, Michael B},
  journal={Water Resources Research},
  volume={36},
  number={7},
  pages={1805--1822},
  year={2000},
  publisher={Wiley Online Library}
}

@article{rivera2011salinity,
  title={Salinity and Chlorophyll a as Performance Measures to Rehabilitate a Mangrove-Dominated Deltaic Coastal Region: the Ci{\'e}naga Grande de Santa Marta--Pajarales Lagoon Complex, Colombia},
  author={Rivera-Monroy, Victor H and Twilley, Robert R and Mancera-Pineda, J Ernesto and Madden, Christopher J and Alcantara-Eguren, Ariel and Moser, E Barry and Jonsson, Bror F and Casta{\~n}eda-Moya, Edward and Casas-Monroy, Oscar and Reyes-Forero, Paola and others},
  journal={Estuaries and Coasts},
  volume={34},
  number={1},
  pages={1--19},
  year={2011},
  publisher={Springer}
}

@article{rutchey2009determining,
  title={Determining an appropriate minimum mapping unit in vegetation mapping for ecosystem restoration: a case study from the Everglades, USA},
  author={Rutchey, Ken and Godin, Jason},
  journal={Landscape ecology},
  volume={24},
  number={10},
  pages={1351--1362},
  year={2009},
  publisher={Springer}
}

@article{soderqvist2010seasonal,
  title={Seasonal and spatial distribution of freshwater flow and salinity in the Ten Thousand Islands Estuary, Florida, 2007- 2009},
  author={Soderqvist, Lars E and Patino, Eduardo},
  journal={US Geological Survey Data Series},
  volume={501},
  year={2010}
}

@article{suominen2010surface,
  title={Surface layer salinity gradients and flow patterns in the archipelago coast of SW Finland, northern Baltic Sea},
  author={Suominen, Tapio and Tolvanen, Harri and Kalliola, Risto},
  journal={Marine environmental research},
  volume={69},
  number={4},
  pages={216--226},
  year={2010},
  publisher={Elsevier}
}

@article{wang1994wind,
  title={Wind and tide response in Florida Bay},
  author={Wang, John D and van de Kreeke, Jacobus and Krishnan, N and Smith, DeWitt},
  journal={Bulletin of Marine Science},
  volume={54},
  number={3},
  pages={579--601},
  year={1994},
  publisher={University of Miami-Rosenstiel School of Marine and Atmospheric Science}
}

@article{xie2013geographically,
  title={Geographically weighted modelling of surface salinity in Florida Bay using Landsat TM data},
  author={Xie, Zhixiao and Zhang, Caiyun and Berry, Leonard},
  journal={Remote Sensing Letters},
  volume={4},
  number={1},
  pages={75--83},
  year={2013},
  publisher={Taylor \& Francis}
}

@article{zimmerman1999experimental,
  title={An experimental comparison of ordinary and universal kriging and inverse distance weighting},
  author={Zimmerman, Dale and Pavlik, Claire and Ruggles, Amy and Armstrong, Marc P},
  journal={Mathematical Geology},
  volume={31},
  number={4},
  pages={375--390},
  year={1999},
  publisher={Springer}
}

@Manual{etten2014,
  title={gdistance: distances and routes on geographical grids},
  author={Jacob van Etten},
  year={2014},
  note={R package version 1.1-5},
  url={http://CRAN.R-project.org/package=gdistance},
}

@Manual{vanderwal,
    title = {SDMTools: Species Distribution Modelling Tools: Tools for processing data
associated with species distribution modelling exercises},
    author = {Jeremy VanDerWal and Lorena Falconi and Stephanie Januchowski and Luke Shoo and Collin Storlie},
    year = {2014},
    note = {R package version 1.1-221},
    url = {http://CRAN.R-project.org/package=SDMTools},
  }
@Manual{stachelek2014,
    title = {ipdw: Interpolation by Inverse Path Distance Weighting},
    author = {Joseph Stachelek},
    year = {2014},
    note = {R package version 0.2-1},
    url = {http://CRAN.R-project.org/package=ipdw},
  }
